@inbook{kuznecov-db,
	author="Кузнецов С. Д.",
	title="Основы современных баз данных",
	publisher="--- Центр Информационных Технологий",
	language="russian",
	year=1998,
}

@inbook{postsql-db,
	author="Парфенов Ю. П.",
	title="Постреляционные хранилища данных: учебное пособие.",
	publisher="--- Центр Информационных Технологий",
	language="russian",
	year=2016,
}


@inbook{intro-db-williams,
	author="Дейт К. Дж.",
	title="Введение в системы баз данных: 8-е издание",
	publisher="--- <<Вильямс>>",
	language="russian",
	year=2006,
	pages="1328"
}

@misc{swagger,
	title="Swashbuckle [Электронный ресурс].",
	howpublished="--- Режим доступа: \url{https://learn.microsoft.com/ru-ru/aspnet/core/tutorials/getting-started-with-swashbuckle?view=aspnetcore-6.0&tabs=visual-studio} (дата обращения: 08.04.2023)."
}

@misc{sql-popular,
	title="Анализ популярных реляционных систем управления базами данных (2022 г.) [Электронный ресурс].",
	howpublished="--- Режим доступа: \url{https://drach.pro/blog/hi-tech/item/196-popular-relational-dbms-2022} (дата обращения: 08.04.2023)."
}

@misc{indexsql,
	title="Индексы, транзакции и уровни изоляции [Электронный ресурс].",
	howpublished="--- Режим доступа: \url{https://proglib.io/p/} (дата обращения: 03.09.2023)."
}


@misc{sql-df,
	title="SQLite против MySQL против PostgreSQL: сравнение систем управления реляционными базами данных [Электронный ресурс].",
	howpublished="--- Режим доступа: \url{https://www.digitalocean.com/community/tutorials/} (дата обращения: 08.04.2023)."
}

@misc{nuget,
	title="Введение в NuGet [Электронный ресурс].",
	howpublished="--- Режим доступа: \url{https://learn.microsoft.com/ru-ru/nuget/what-is-nuget} (дата обращения: 08.04.2023)."
}

@misc{linq,
	title="Общие сведения о LINQ [Электронный ресурс].",
	howpublished="--- Режим доступа: \url{https://learn.microsoft.com/ru-ru/dotnet/standard/linq/} (дата обращения: 08.04.2023)."
}

@misc{visualstudio,
	title="Что такое Visual Studio [Электронный ресурс].",
	howpublished="--- Режим доступа: \url{https://learn.microsoft.com/ru-ru/visualstudio/get-started/visual-studio-ide?view=vs-2019} (дата обращения: 08.04.2023)."
}

@misc{csharp,
	title="Краткий обзор языка C\# [Электронный ресурс].",
	howpublished="--- Режим доступа: \url{https://learn.microsoft.com/ru-ru/dotnet/csharp/tour-of-csharp/} (дата обращения: 08.04.2023)."
}

@misc{git,
	title="Введение - Что такое Git? [Электронный ресурс].",
	howpublished="--- Режим доступа: \url{https://book.git-scm.com/book/ru/v2/} (дата обращения: 08.04.2023)."
}

@misc{dotnet,
	title="Что такое .NET? Введение и обзор [Электронный ресурс].",
	howpublished="--- Режим доступа: \url{https://learn.microsoft.com/ru-ru/dotnet/core/introduction} (дата обращения: 08.04.2023)."
}

@misc{party-hard,
	title="Party Hard [Электронный ресурс].",
	howpublished="--- Режим доступа: \url{https://hardparty.ru} (дата обращения: 08.04.2023)."
}

@misc{bizone,
	title="Bizone Anticafe [Электронный ресурс].",
	howpublished="--- Режим доступа: \url{https://vbizone.ru} (дата обращения: 08.04.2023)."
}

@misc{speedren,
	title="SpeedRent [Электронный ресурс].",
	howpublished="--- Режим доступа: \url{https://www.speedrent.ru} (дата обращения: 08.04.2023)."
}

@misc{anticafe-login,
	title="Антикафе как новое пространство для культурно-досуговой деятельности и творческой реализации личноти [Электронный ресурс].",
	howpublished="--- Режим доступа: \url{https://cyberleninka.ru/article/n/} (дата обращения: 08.04.2023)."
}

@misc{intel,
	title="Intel [Электронный ресурс].",
	howpublished="--- Режим доступа: \url{https://ark.intel.com/content/www/ru/ru/ark/products/201839/intel-core-i510300h-processor-8m-cache-up-to-4-50-ghz.html} (дата обращения: 03.9.2023)"
}

@misc{windows,
	title="Windows 10 Pro 2h21 64-bit  [Электронный ресурс]",
	howpublished="--- Режим доступа: \url{https://www.microsoft.com/ru-ru/software-download/windows10} (дата обращения: 03.09.2023)."
}


